<?xml version="1.0" encoding="UTF-8"?><collection xmlns="http://www.loc.gov/MARC21/slim"><record><leader>00510nam--2200133-i-4500</leader><controlfield tag="001">000001621</controlfield><controlfield tag="002">20161230</controlfield><controlfield tag="005">20161230201024</controlfield><controlfield tag="008">060222s1000------------r-----000-0-eng-d</controlfield><datafield ind1=" " ind2=" " tag="080"><subfield code="a">539.219.3:66.063.2:246.791:546.821(043)</subfield></datafield><datafield ind1=" " ind2=" " tag="100"><subfield code="a">Dornelas, Walter A</subfield></datafield><datafield ind1=" " ind2=" " tag="245"><subfield code="a">1-ere these:etude comparee de la diffusion sous champ electrique a hautes temperatures dans les oxides uo2 et tio2. 2-eme these:propositions donnees par la faculte</subfield></datafield><datafield ind1=" " ind2=" " tag="260"><subfield code="a">Paris, La Faculte Des Sciences De Paris, 1967. 46 P</subfield></datafield><datafield ind1=" " ind2=" " tag="852"><subfield code="a">44049</subfield></datafield></record></collection>